<record><leader>00000cas a2200000 a 4500</leader><controlfield tag="001">12258599</controlfield><controlfield tag="008">850712d19091954ksuwr ne      0    0eng d</controlfield><datafield ind1=" " ind2=" " tag="010"><subfield code="a">sn 85029441 </subfield></datafield><datafield ind1=" " ind2=" " tag="040"><subfield code="a">KSH</subfield><subfield code="b">eng</subfield><subfield code="c">KSH</subfield><subfield code="d">NPT</subfield><subfield code="d">OCL</subfield><subfield code="d">OCLCQ</subfield></datafield><datafield ind1=" " ind2=" " tag="042"><subfield code="a">msc</subfield></datafield><datafield ind1="0" ind2="0" tag="245"><subfield code="a">Natoma independent.</subfield></datafield><datafield ind1=" " ind2=" " tag="260"><subfield code="a">Natoma, Kan. :</subfield><subfield code="b">R.H. Gamber,</subfield><subfield code="c">1909-1954.</subfield></datafield><datafield ind1=" " ind2=" " tag="300"><subfield code="a">45 v. :</subfield><subfield code="b">ill. ;</subfield><subfield code="c">54 cm.</subfield></datafield><datafield ind1=" " ind2=" " tag="310"><subfield code="a">Weekly</subfield></datafield><datafield ind1="0" ind2=" " tag="362"><subfield code="a">Vol. 1, no. 1 (Feb. 19, 1909)-v. 45, no. 52 (Jan. 28, 1954).</subfield></datafield><datafield ind1=" " ind2=" " tag="500"><subfield code="a">Includes section called "Waldo new era," Feb. 19-Apr. 2, 1909.</subfield></datafield><datafield ind1=" " ind2=" " tag="500"><subfield code="a">Publisher varies.</subfield></datafield><datafield ind1=" " ind2=" " tag="525"><subfield code="a">Includes supplements.</subfield></datafield><datafield ind1=" " ind2=" " tag="752"><subfield code="a">United States</subfield><subfield code="b">Kansas</subfield><subfield code="c">Osborne</subfield><subfield code="d">Natoma.</subfield></datafield><datafield ind1="0" ind2="0" tag="780"><subfield code="t">Waldo new era</subfield><subfield code="w">(DLC)sn 85029744</subfield></datafield><datafield ind1="0" ind2="7" tag="785"><subfield code="t">Luray herald</subfield><subfield code="w">(OCoLC)8801506</subfield></datafield><datafield ind1="0" ind2="7" tag="785"><subfield code="t">Natoma-Luray independent</subfield><subfield code="w">(DLC)sn 85029443</subfield></datafield></record>